@book{2000:bernardosmith,
    Title = {Bayesian Theory},
    Author = {Bernardo, J. and Smith, A.},
    Publisher = {Wiley},
    Address = {Chichester},
    Year = {2000}}

